@ARTICLE{1996A&AS..117..393B,
   author = {{Bertin}, E. and {Arnouts}, S.},
    title = "{SExtractor: Software for source extraction.}",
  journal = {\aaps},
 keywords = {METHODS: DATA ANALYSIS, TECHNIQUES: IMAGE PROCESSING, GALAXIES: PHOTOMETRY},
     year = 1996,
    month = jun,
   volume = 117,
    pages = {393-404},
      doi = {10.1051/aas:1996164},
   adsurl = {http://adsabs.harvard.edu/abs/1996A%26AS..117..393B},
  adsnote = {Provided by the SAO/NASA Astrophysics Data System}
}

@ARTICLE{1998PASP..110..727H,
   author = {{Hogg}, D.~W. and {Turner}, E.~L.},
    title = "{A Maximum Likelihood Method to Improve Faint-Source Flux and Color Estimates}",
  journal = {\pasp},
   eprint = {astro-ph/9711154},
     year = 1998,
    month = jun,
   volume = 110,
    pages = {727-731},
      doi = {10.1086/316173},
   adsurl = {http://adsabs.harvard.edu/abs/1998PASP..110..727H},
  adsnote = {Provided by the SAO/NASA Astrophysics Data System}
}

@TECHREPORT{Kaiser2001,
     author = {{Kaiser}, N.},
      title = "{Addition of Images with Varying Seeing}",
     number = {PSDC-002-011-xx},
institution = {Institute for Astronomy, University of Hawaii at M{\-a}noa},
    address = {Honolulu, Hawaii},
       year = {2001},
      month = jul,
}

@TECHREPORT{Kaiser2002,
     author = {{Kaiser}, N.},
      title = "{The Likelihood of Point Sources in Pixellated Images}",
     number = {PSDC-002-010-xx},
institution = {Institute for Astronomy, University of Hawaii at M{\-a}noa},
    address = {Honolulu, Hawaii},
       year = {2002},
      month = sep,
}

@ARTICLE{2013MNRAS.429.2858M,
   author = {{Miller}, L. and {Heymans}, C. and {Kitching}, T.~D. and {van Waerbeke}, L. and {Erben}, T. and {Hildebrandt}, H. and {Hoekstra}, H. and {Mellier}, Y. and {Rowe}, B.~T.~P. and {Coupon}, J. and {Dietrich}, J.~P. and {Fu}, L. and {Harnois-D{\'e}raps}, J. and {Hudson}, M.~J. and   {Kilbinger}, M. and {Kuijken}, K. and {Schrabback}, T. and {Semboloni}, E. and {Vafaei}, S. and {Velander}, M.},
    title = "{Bayesian galaxy shape measurement for weak lensing surveys - III. Application to the Canada-France-Hawaii Telescope Lensing Survey}",
  journal = {\mnras},
archivePrefix = "arXiv",
   eprint = {1210.8201},
 primaryClass = "astro-ph.CO",
 keywords = {gravitational lensing: weak, methods: data analysis, methods: statistical, cosmology: observations},
     year = 2013,
    month = mar,
   volume = 429,
    pages = {2858-2880},
      doi = {10.1093/mnras/sts454},
   adsurl = {http://adsabs.harvard.edu/abs/2013MNRAS.429.2858M},
  adsnote = {Provided by the SAO/NASA Astrophysics Data System}
}

@MISC{2014ascl.soft09013Z,
   author = {{Zuntz}, J. and {Kacprzak}, T. and {Voigt}, L. and {Hirsch}, M. and {Rowe}, B. and {Bridle}, S.},
    title = "{IM3SHAPE: Maximum likelihood galaxy shear measurement code for cosmic gravitational lensing}",
howpublished = {Astrophysics Source Code Library},
     year = 2014,
    month = sep,
archivePrefix = "ascl",
   eprint = {1409.013},
   adsurl = {http://adsabs.harvard.edu/abs/2014ascl.soft09013Z},
  adsnote = {Provided by the SAO/NASA Astrophysics Data System}
}


@ARTICLE{2014MNRAS.444L..25S,
   author = {{Sheldon}, E.~S.},
    title = "{An implementation of Bayesian lensing shear measurement}",
  journal = {\mnras},
archivePrefix = "arXiv",
   eprint = {1403.7669},
 keywords = {gravitational lensing: weak, cosmology: observations, dark energy},
     year = 2014,
    month = oct,
   volume = 444,
    pages = {L25-L29},
      doi = {10.1093/mnrasl/slu104},
   adsurl = {http://adsabs.harvard.edu/abs/2014MNRAS.444L..25S},
  adsnote = {Provided by the SAO/NASA Astrophysics Data System}
}

@ARTICLE{2015arXiv151206879Z,
   author = {{Zackay}, B. and {Ofek}, E.~O.},
    title = "{How to coadd images? II. A coaddition image that is optimal for any purpose in the background dominated noise limit}",
  journal = {ArXiv e-prints},
archivePrefix = "arXiv",
   eprint = {1512.06879},
 primaryClass = "astro-ph.IM",
 keywords = {Astrophysics - Instrumentation and Methods for Astrophysics, Astrophysics - Cosmology and Nongalactic Astrophysics},
     year = 2015,
    month = dec,
   adsurl = {http://adsabs.harvard.edu/abs/2015arXiv151206879Z},
  adsnote = {Provided by the SAO/NASA Astrophysics Data System}
}

